2745 3541
1371 265 1396 305 2

402 369 523 422 posui.
582 368 780 408 Postremo
817 370 889 421 qui·
916 370 1066 421 quantis
1105 368 1382 409 difficultatibus
1421 369 1511 408 haec
1549 370 1755 409 litterarum
1797 370 2021 412 Latinarum
2052 387 2135 427 pars
2175 376 2354 415 obstricta

403 437 577 472 teneatur
605 433 836 487 exploratum
864 431 1017 482 habent,
1047 444 1111 472 eos
1141 445 1237 485 rogo
1268 439 1306 470 ut
1334 440 1541 473 erratorum
1570 434 1603 472 si
1631 446 1701 486 qua
1729 439 1836 473 erunt
1863 435 2008 474 veniam
2039 437 2126 477 mihi
2156 437 2253 478 deut.

512 494 646 534 Restat
666 502 702 533 ut
723 495 838 534 Plinii
860 494 1099 548 epistolarum
1120 508 1251 533 novem
1273 494 1389 533 libros
1420 496 1465 533 ab
1487 496 1655 548 epistolis
1686 496 1847 535 eiusdem
1877 504 1913 535 et
1935 497 2098 539 Traiani
2119 501 2354 556 imperatoris

405 558 589 613 singulari
618 558 679 611 qui
707 557 819 610 vulgo
850 558 971 598 fertur
998 556 1138 598 decimo
1167 557 1263 597 libro
1293 558 1569 611 comprehensis
1597 572 1619 598 a
1647 572 1704 599 me
1730 559 1922 600 seiunctos
1952 574 2035 602 esse
2055 577 2353 614 commemorem,

406 621 443 660 id
473 621 568 674 quod
597 621 735 675 optimo
765 621 848 659 inre
883 621 964 659 fieri
995 633 1103 674 posse
1142 621 1363 659 novissimus
1394 620 1508 658 Plinii
1540 620 1675 671 editor,
1708 621 1899 662 Henrtcus
1929 625 2022 670 Keil,
2059 638 2081 664 a
2119 622 2233 669 cuium
2256 627 2348 666 scri·

405 690 515 738 ptura
542 684 668 736 paucis
698 684 792 730 locis
818 684 984 736 exceptis
1024 696 1099 721 non
1142 683 1294 732 recedo,
1333 683 1470 723 docuit.
1526 685 1575 722 At
1612 685 1656 724 ab
1686 684 1833 723 Orellio
1869 687 2075 726 institutum
2118 680 2287 729 ordinem
2315 696 2351 727 et

407 759 597 788 numerum
627 746 753 785 harum
784 745 1022 800 epistolarum
1051 746 1205 794 retinui,
1245 758 1290 783 ne
1318 745 1522 798 quicunque
1558 745 1661 785 locos
1700 747 1735 785 in
1765 745 1888 785 indice
1916 747 2050 788 allatos
2081 750 2118 789 in
2148 751 2353 790 lexicorum

407 808 531 848 fundis
561 816 598 848 et
627 810 811 863 prioribus
852 808 1077 865 editionibus
1116 809 1290 849 conferre
1328 809 1439 847 vellet
1479 809 1691 848 haesitaret.
1749 808 1850 849 Idem
1882 811 1919 848 in
1949 812 2078 861 quinto
2108 814 2350 867 epistolarum

406 871 503 912 libro
532 871 621 913 feci.
1825 880 1828 883 '

514 934 585 985 His
621 935 834 988 praemissis
863 933 924 973 ad,
947 933 1148 972 indicanda
1186 946 1302 986 opera
1340 933 1529 972 doctorum
1563 934 1770 983 hominum,
1811 935 1940 987 quibus
1969 948 2054 975 non¹
2084 938 2160 976 nihi
2192 938 2354 977 ladiutus

406 1011 502 1047 snm,
530 997 746 1049 aggrediar.
802 996 923 1049 Atque
956 996 1128 1049 ''praeter
1156 996 1286 1035 doctas
1315 1004 1353 1035 et
1380 996 1587 1037 laboriosas
1614 996 1831 1037 Schwarza·
1860 999 2010 1051 copias'v'
2041 1000 2078 1048 >in
2108 1001 2350 1054 Panegyrico

408 1067 607 1112 congestas
658 1059 934 1100 commentariis
979 1059 1171 1100 instructis
1219 1059 1472 1099 Plinianorum
1519 1071 1671 1113 operum
1724 1059 1949 1100 editionibus
1998 1061 2187 1104 Gronovii
2223 1063 2354 1105 corta·

407 1123 570 1164 Gesneri
607 1123 790 1175 θέεν-ἱρή,
828 1123 931 1162 cuius
968 1120 1098 1163 Clavis
1135 1122 1311 1163 Pliniana
1343 1131 1531 1162 auctorem
1570 1131 1605 1161 et
1642 1123 1679 1161 in
1716 1122 1963 1176 expediendis
2001 1126 2055 1164 eis
2094 1140 2186 1178 quae
2213 1126 2259 1166 ad
2287 1139 2350 1165 res

404 1192 579 1240 spectant
605 1199 745 1226 summa
775 1186 974 1239 diligentia
1002 1193 1187 1224 versatum
1217 1194 1253 1224 et
1290 1186 1327 1224 in
1365 1186 1583 1224 interiorem
1621 1198 1708 1225 usus
1739 1185 1906 1224 Pliniani
1924 1219 1927 1222 ,
1946 1189 2114 1228 notitiam
2144 1203 2227 1229 sese
2257 1190 2349 1228 insi·

403 1261 539 1286 nuasse
566 1248 811 1298 demonstrat,
838 1248 1017 1299 Schiifert'
1036 1250 1216 1298 Dorinyi'i
1245 1260 1331 1285 usus
1358 1260 1436 1285 sum
1465 1260 1580 1299 eaque
1602 1248 1739 1299 collegi
1769 1249 1916 1300 quaein
1948 1262 2064 1289 meum
2093 1264 2196 1290 usum
2225 1252 2351 1306 putavi

403 1310 573 1352 adhiberi
611 1323 736 1366 posse.
793 1311 872 1352 Nec
923 1310 1107 1354 Wenschii
1144 1323 1246 1363 quem
1287 1322 1401 1363 supra
1441 1311 1727 1351 commemoravi
1757 1310 1879 1351 studio
1923 1312 1960 1352 in
1990 1313 2105 1354 Plinii
2134 1315 2347 1355 elocutione

406 1373 610 1427 diligenter
626 1373 914 1429 pervestiganda
934 1383 1150 1428 consumpto
1168 1372 1454 1414 mesublevatum
1476 1386 1558 1412 esse
1581 1386 1693 1425 nego.
1723 1372 1751 1412 E
1778 1372 2063 1427 diligentissima
2078 1371 2259 1429 Ostlt'nqt'i
2280 1376 2351 1416 ”de

404 1438 616 1476 elocutione
635 1437 750 1476 Plinii
780 1439 936 1476 minoris
958 1451 979 1476 a
999 1449 1086 1477 vere
1115 1437 1271 1475 classica
1288 1449 1394 1488 quam
1411 1445 1546 1475 vocant
1575 1449 1647 1475 non
1677 1437 1771 1475 nihil
1797 1437 2208 1493 abhorrente”(Upsal.
2233 1441 2353 1492 1839)

406 1500 671 1555 disputatione,
702 1514 805 1554 quam
836 1513 902 1554 per
939 1500 1161 1553 bibliopolas
1200 1501 1338 1539 frustra
1375 1500 1574 1552 quaesitam
1611 1513 1632 1538 a
1669 1499 1789 1539 lantio
1829 1500 2078 1542 bibliothecae
2117 1503 2351 1558 Upsaliensis

407 1564 557 1603 custode
595 1564 801 1602 liberaliter
841 1564 928 1603 mihi
965 1576 1177 1602 concessam
1217 1576 1300 1601 esse
1336 1571 1445 1614 grato
1475 1563 1596 1601 animo
1627 1563 1832 1615 profiteor,
1861 1564 1958 1603 haud
1989 1567 2161 1618 exiguum
2192 1569 2347 1610 fructum

406 1627 573 1681 percepi,
601 1640 675 1666 non
707 1626 806 1666 illum
836 1626 978 1679 quidem
1008 1625 1119 1665 talem
1150 1625 1293 1678 qualem
1324 1634 1621 1679 expectaveram,
1653 1638 1730 1665 cum
1760 1639 1826 1665 nec
1858 1639 1965 1667 voces
1993 1641 2015 1667 a
2052 1628 2179 1669 Plinio
2211 1644 2231 1670 e
2260 1638 2350 1686 poe·-

403 1698 521 1730 tarum
561 1698 596 1729 et
625 1689 848 1730 deteriorum
879 1701 1011 1728 aureae
1038 1689 1168 1728 aetatis
1206 1688 1440 1742 scriptorum,
1479 1688 1514 1726 in
1546 1689 1675 1740 quibus
1706 1688 1837 1728 Livius
1867 1690 2094 1742 potissimum
2124 1698 2351 1748 numeratur,

403 1754 509 1791 libris
539 1754 676 1806 petitae
706 1766 775 1789 nec
804 1752 980 1804 loquendi
1012 1752 1209 1799 formulae,
1238 1764 1329 1803 quae
1357 1759 1419 1788 aut
1446 1751 1539 1788 satis
1570 1752 1714 1802 poetica
1742 1759 1804 1788 aut
1827 1751 1903 1789 alia
1932 1755 2078 1791 ratione
2118 1768 2139 1792 a
2178 1766 2347 1799 veterum

402 1830 573 1855 sermone
607 1816 730 1854 aliena
767 1823 938 1854 mutatum
968 1814 1114 1852 dicendi
1143 1829 1264 1865 genus
1291 1814 1463 1867 produnt,
1493 1816 1592 1852 iusto
1622 1813 1728 1852 modo
1759 1815 1834 1852 sint
1870 1824 2076 1866 separatae.
2132 1819 2348 1873 Postremo,

405 1888 443 1920 nt
472 1889 606 1919 natura
633 1880 687 1918 rei
719 1881 818 1929 fert,
849 1879 894 1918 ad
926 1888 1057 1929 parata
1085 1880 1340 1917 thesaurorum
1379 1877 1574 1916 latinitatis
1604 1876 1769 1916 subsidia
1798 1877 1974 1930 confugi,
2005 1880 2042 1919 in
2072 1882 2202 1933 quibus
2232 1890 2345 1925 tutam

333 1985 338 1988 ,
406 1944 499 1982 viam
539 1955 582 1980 ac
619 1942 730 1996 plane
768 1942 940 1980 munitam
982 1942 1045 1979 tibi
1077 1940 1247 1978 traditam
1286 1952 1367 1977 esse
1405 1940 1480 1977 noli
1515 1940 1707 1992 suspicari.
1763 1939 1833 1977 His
1865 1940 1996 1991 libris,
2035 1943 2094 1995 qui
2132 1944 2345 1987 Plinianam

404 2006 649 2044 elocutionem
690 2006 889 2058 separatim
927 2005 1150 2056 explicatam
1188 2010 1402 2051 ostentant,
1442 2016 1485 2040 ea
1523 2001 1620 2039 addo
1658 2015 1750 2053 quae
1790 2004 1835 2040 ab
1866 2004 2074 2043 hominibus
2114 2008 2268 2047 eruditis
2298 2010 2346 2048 de

404 2068 664 2122 discrepantiis
694 2068 792 2108 inter
819 2081 969 2107 auream
1000 2075 1037 2106 et
1065 2075 1279 2119 argenteam
1311 2064 1531 2105 latinitatem
1562 2064 1877 2106 intercedentibus
1907 2065 2069 2119 eleganti
2100 2067 2274 2110 doctrina
2304 2079 2342 2112 et

404 2147 482 2174 cum
501 2132 643 2187 ingenii
657 2130 766 2171 laude
787 2132 824 2170 in
847 2132 1056 2171 universum
1070 2129 1258 2182 disputata
1281 2136 1374 2169 sunt.
1407 2128 1448 2167 ln
1461 2129 1518 2167 his
1530 2140 1683 2166 numero
1700 2128 2018 2182 praeclarissimas
2034 2132 2185 2172 Krebsii
2200 2134 2350 2178 Klotzii

402 2199 598 2249 Poppom‘s
628 2196 756 2249 copias
798 2218 851 2224 -
878 2195 938 2234 hic
975 2203 1051 2234 tres
1091 2193 1161 2232 ”de
1200 2193 1382 2232 latinitate
1411 2192 1510 2231 salso
1539 2200 1602 2230 aut
1629 2192 1759 2230 merito
1789 2183 1985 2245 suspecta”
2017 2199 2348 2240 commentationes

403 2262 453 2312 (1.
497 2260 543 2300 ll.
581 2259 722 2311 Progr.
762 2258 941 2297 Francos.
983 2260 1095 2298 1841.
1138 2258 1251 2297 1850.
1294 2255 1346 2294 Ill
1397 2256 1433 2293 in
1462 2253 1621 2293 Miitzell
1659 2253 1844 2293 Zeitschr.
1875 2256 1899 2293 f.
1931 2255 2347 2309 d..Gymnasia1wesen

399 2322 515 2372 XIII,
543 2324 619 2362 497
649 2322 750 2374 sqq.)
780 2320 947 2373 scripsit,
975 2320 1012 2358 in
1041 2320 1171 2371 quibus
1200 2317 1294 2357 haud
1323 2317 1490 2369 vulgaris
1519 2316 1650 2356 Latini
1680 2318 1860 2355 sermonis
1898 2319 2132 2358 existimator
2172 2321 2349 2363 inventus

401 2397 458 2428 est
477 2409 544 2437 —‚
563 2386 741 2426 Bonnelli
769 2391 806 2423 et
820 2384 1031 2423 Botticheri
1052 2383 1175 2421 lexica
1202 2380 1494 2433 diligentissimo
1516 2378 1642 2418 labore
1670 2387 1705 2418 et
1725 2380 1932 2419 constantia
1951 2381 2136 2433 singulari
2165 2384 2351 2437 confecta,

400 2450 529 2492 doctas
549 2448 818 2502 disputationes
846 2443 1204 2499 Opitzii(Specimen
1223 2442 1473 2497 lexicologiae
1494 2447 1695 2494 argenteae
1706 2441 1917 2492 latinitatis,
1933 2442 2075 2498 Progr.
2088 2442 2346 2491 Numb.1852‚

401 2513 653 2560 Quaestiones
680 2509 878 2549 Plinianae
907 2509 957 2549 ih.
989 2510 1113 2559 1861,
1151 2508 1188 2546 in
1228 2507 1357 2560 quibus
1394 2506 1440 2545 de
1472 2504 1586 2544 Plinii
1625 2505 1776 2544 maioris
1805 2517 1944 2557 genere
1973 2505 2117 2564 dicendi
2148 2507 2347 2565 disseruit)

401 2576 575 2630 collegae
596 2573 808 2623 familiaris,
838 2573 939 2612 cuius
960 2572 1188 2626 potissimum
1211 2583 1326 2625 opera
1354 2569 1400 2610 ad
1422 2567 1686 2624 explorandam
1708 2576 1908 2621 argenteae
1927 2569 2140 2610 latinitatis·
2157 2573 2342 2614 rationem

399 2639 609 2694 compulsus
636 2651 729 2687 snm,
760 2644 796 2674 et
816 2637 1078 2675 annotationes
1098 2635 1353 2685 Grasberqeri
1380 2634 1439 2686 qui
1466 2633 1505 2672 in
1533 2631 1626 2670 libro
1657 2644 1724 2670 suo
1756 2631 1825 2670 ”de
1847 2646 1914 2671 usu
1933 2632 2134 2674 Pliniano”
2156 2635 2348 2686 (Wirceb,

401 2703 523 2754 1860)
561 2701 703 2753 aliquot
731 2699 824 2737 locis
853 2699 1000 2738 dicendi
1029 2711 1148 2751 genus
1176 2698 1292 2736 Plinii
1331 2697 1487 2735 minoris
1525 2694 1691 2733 Senecae
1719 2694 1846 2733 Taciti
1887 2708 1960 2734 non
2000 2697 2082 2735 sine
2112 2697 2236 2749 aliqua
2264 2708 2347 2740 arte

401 2764 637 2806 examinavit.
700 2761 1001 2815 Reifferscheid&
1046 2772 1135 2801 vero
1173 2767 1377 2801 commenta
1414 2758 1534 2811 (Mus.
1567 2757 1695 2798 Rhea.
1735 2756 1827 2807 XV,
1869 2759 1958 2800 635.
1998 2760 2096 2810 636)
2140 2761 2344 2811 nonnullos

397 2828 515 2867 Plinii
544 2826 647 2865 locos
676 2824 905 2865 emendantis
931 2838 953 2863 a
981 2824 1174 2878 proposito
1206 2836 1286 2861 meo
1317 2823 1443 2860 aliena
1472 2828 1568 2859 sunt.
