2745 3541
343 589 492 704 &um
525 659 573 699 ad
610 668 815 713 argenteae
854 672 959 713 qnam
989 666 1122 699 vocant
1145 660 1357 701 latinitatis
1396 661 1579 703 rationem
1618 661 1915 717 pernoscendam
1960 662 2109 716 lexica,
2151 664 2194 704 i‘n

233 726 365 779 quibus
399 725 507 764 unius
536 723 710 776 cuiusque
741 724 940 776 scriptoris
981 723 1165 777 proprium
1196 723 1338 764 dicendi
1368 737 1492 778 genus
1519 738 1685 766 seorsum
1728 730 1935 776 tractetur,
1975 727 2191 768 necessaria

236 801 323 828 esse
357 786 633 836 intellexerim,
671 798 764 841 opus
802 784 892 825 illud
945 784 1043 839 quod
1092 784 1310 828 Wenschius
1349 787 1509 843 (Lexici
1549 789 1714 828 Plinianl
1744 789 1959 843 Specimen.
2008 789 2052 830 P.
2081 789 2110 830 Ι.
2140 789 2189 830 ΙΙ.

242 852 381 902 Progr.
403 848 527 891 Viteb.
553 849 666 890 1837.
699 849 832 901 1839.)
862 848 1051 887 inchoavit
1070 848 1217 901 quidem
1244 849 1309 889 sed
1331 855 1486 905 propter
1514 851 1694 905 temporis
1723 851 1867 891 vincula
1894 858 1932 891 et
1960 851 2187 892 valetudinis

244 914 496 953 infirmitatem
524 924 598 951 non
626 912 799 965 perfecit,
828 911 874 951 ad
903 912 1012 951 finem
1043 911 1244 965 perducere
1262 919 1298 952 et
1318 914 1356 952 in
1378 913 1493 953 lucem
1517 914 1629 953 edere
1649 914 1738 953 mihi
1759 916 1948 969 preposui.
2003 914 2188 961 Quoniam

240 989 328 1017 vero
348 989 415 1030 per
433 975 653 1029 spatii2mibi
686 974 859 1014 concessi
878 974 1070 1028 angustias
1092 974 1204 1015 talem
1225 976 1411 1016 materiam
1433 990 1508 1016 non
1537 990 1651 1031 posse
1680 977 1826 1017 absolvi
1856 977 2009 1031 ideoque
2027 991 2051 1017 a
2072 977 2190 1018 libelli

246 1038 464 1080 scholastici
491 1038 622 1078 linibus
644 1051 729 1077 esse
751 1036 1011 1077 removendam
1033 1038 1170 1091 putavi,
1199 1039 1396 1079 occasione
1418 1039 1546 1079 oblatu
1568 1039 1748 1079 nonnulla
1776 1041 1823 1080 de
1841 1039 1880 1081 C.
1901 1041 2017 1081 Plinii
2037 1040 2192 1082 Caecilii

240 1102 411 1144 Secundi
436 1101 645 1149 elocutione
674 1100 823 1141 tradere
843 1100 1028 1140 constitui.
1076 1100 1161 1140 Non
1184 1101 1280 1141 enim
1301 1100 1432 1142 inutile
1453 1107 1563 1156 atque
1590 1102 1750 1158 ineptum
1772 1100 1862 1143 mibi
1882 1103 1998 1144 visum
2019 1102 2193 1159 esybunc

247 1165 295 1204 de
323 1164 437 1204 Plinii
467 1164 622 1204 minoris
652 1163 801 1203 dicendi
829 1175 977 1224 genere
1012 1164 1263 1216 quaestionem
1293 1165 1550 1218 gravissimum
1580 1179 1623 1205 ac
1651 1166 1778 1220 paucis
1807 1170 1947 1205 tantun
1991 1167 2191 1222 expetitam

241 1228 348 1281 quasi
376 1239 574 1277 renovare,
605 1240 684 1266 cum
714 1240 813 1276 eum,
837 1226 868 1266 si
899 1227 1049 1279 quaeris
1078 1239 1181 1279 quem
1214 1227 1333 1266 locum
1361 1234 1489 1270 teneat
1516 1229 1612 1267 inter
1640 1235 1845 1282 argenteae
1872 1228 2070 1268 latinitatis
2097 1229 2189 1269 scri·

243 1296 384 1345 ρωποι,
415 1290 451 1329 ἰιι
481 1289 671 1329 meliorum
703 1301 853 1338 niimero
884 1288 1088 1328 habendum
1127 1301 1214 1329 esse
1253 1303 1439 1335 censeam.
1494 1291 1568 1337 Qui
1607 1304 1684 1331 cum
1713 1305 1735 1331 a
1763 1290 1994 1338 Quintiliano
2023 1290 2189 1345 praecla-

244 1353 392 1392 rissimo
434 1351 576 1391 dicendi
616 1355 794 1406 magistro
836 1352 985 1405 optimis
1033 1351 1166 1390 litteris
1204 1351 1369 1391 eruditus
1406 1353 1629 1392 excellentis
1668 1354 1908 1407 eloquentiae
1947 1355 2110 1408 speeiem
2150 1361 2189 1392 et

240 1415 395 1456 formam
424 1414 643 1455 adumbrans
664 1414 889 1456 Ciceronem
905 1421 1075 1468 tanquam
1097 1415 1304 1469 exemplum
1324 1428 1499 1457 summum
1519 1416 1566 1456 ad
1589 1416 1802 1457 imitandum
1823 1416 1893 1456 sibi
1914 1416 2187 1470 proposuisset,

243 1479 290 1518 ab
318 1478 532 1534 incorrupta
559 1477 624 1517 illa
652 1478 781 1518 Latini
811 1478 996 1518 sermonis
1025 1478 1246 1532 integritate
1274 1491 1347 1519 non
1379 1485 1519 1520 tantum
1550 1479 1757 1532 abborruit,
1784 1485 1957 1534 quantum
1986 1479 2190 1535 scriptores

245 1542 406 1585 eiusdem
428 1542 570 1581 aetatis.
582 1542 822 1581 abhorruisse
851 1550 1015 1595 apparet.
1063 1542 1143 1580 Nec
1171 1548 1292 1581 tamen
1313 1543 1393 1581 fieri
1413 1548 1561 1597 poterat
1588 1544 1673 1597 quin
1704 1543 1853 1582 dicendi
1882 1543 2188 1582 consuetudinem

241 1607 319 1646 suis
347 1606 575 1660 temporibus
605 1605 861 1659 pervulgatam
899 1607 977 1660 ipse
1015 1618 1156 1658 quoque
1197 1614 1433 1659 sequeretur,
1472 1605 1508 1646 id
1548 1607 1642 1660 quod
1671 1607 1781 1647 multa
1810 1612 1848 1646 et
1876 1607 2084 1651 certissima
2111 1618 2189 1647 ser·

242 1670 365 1719 monis
394 1669 439 1707 ab
467 1682 603 1708 aureae
630 1669 763 1708 aetatis
784 1682 873 1707 cura
894 1667 1101 1713 recedentis
1130 1668 1267 1707 indicia
1290 1668 1561 1710 demonstrant.
1607 1669 1734 1723 Neque
1763 1671 1859 1709 enim
1888 1671 1926 1709 in
1947 1670 2190 1722 grammatica

242 1733 368 1776 solum
395 1745 439 1770 ac
468 1733 663 1771 verborum
693 1730 1031 1784 componendorum
1061 1732 1205 1770 ratione
1232 1732 1391 1773 orationi
1421 1745 1512 1771 suae
1543 1746 1640 1771 nova
1661 1734 1870 1782 immiscuit,
1899 1732 1964 1772 sed
1993 1733 2046 1771 eis
2078 1733 2186 1772 etiam

243 1795 374 1850 quibus
400 1801 606 1850 argenteae
634 1794 766 1834 aetatis
793 1795 997 1848 scriptores
1025 1794 1188 1835 Latinae
1228 1794 1375 1850 linguae
1403 1807 1495 1850 opes
1535 1795 1812 1851 locupletarunt
1840 1795 1991 1835 vocibus
2019 1802 2056 1835 et
2083 1795 2186 1835 locu-

244 1859 408 1902 nauibus
435 1871 522 1897 usus
543 1863 600 1897 est
628 1862 735 1909 atque
756 1870 853 1896 neva
880 1858 996 1896 verba
1023 1858 1208 1896 subtiliter
1237 1865 1273 1895 et
1291 1858 1492 1911 ingeniose
1511 1860 1729 1909 excogitata
1758 1860 1794 1898 in
1815 1859 1989 1897 Latinam
2019 1858 2185 1910 lingnam

246 1921 416 1970 induxit,
456 1934 549 1973 quae
587 1921 634 1959 ob
673 1933 754 1959 eam
792 1932 937 1959 eausam
976 1921 1260 1959 enumeratione
1300 1919 1416 1972 digna
1454 1933 1538 1960 esse
1579 1931 1665 1974 puto
1705 1921 1801 1974 quod
1844 1921 1995 1974 linguae
2022 1921 2185 1960 Latinae

245 1984 454 2026 castitatem
483 1991 518 2022 et
547 1983 799 2023 sinceritatem
820 1982 875 2022 eis
902 1994 995 2035 quae
1023 1982 1181 2035 Augusti
1211 1982 1326 2022 aetati
1354 1991 1615 2023 successerunt
1644 1984 1870 2038 temporibus
1893 1983 2068 2038 paulatin
2097 1995 2186 2023 con·

243 2046 383 2089 cidisse
411 2045 623 2086 ostendunt.

292 2148 296 2151 ,
346 2109 452 2155 Quae
479 2122 559 2148 cum
585 2109 637 2147 ita
664 2108 752 2157 sint,
790 2106 827 2146 id
856 2107 944 2146 mibi
972 2108 1151 2160 proposui
1191 2113 1229 2146 ut
1266 2108 1413 2147 omissis
1452 2108 1507 2147 eis
1542 2109 1694 2148 vocibus
1730 2109 2054 2162 locutionibusque
2094 2121 2183 2161 quas

248 2173 397 2216 Plinius
427 2184 448 2211 e
476 2175 666 2227 poetarum
702 2170 872 2225 inprimis
900 2169 1115 2223 Augusteae
1150 2171 1284 2209 aetatis
1325 2170 1431 2209 libris
1469 2171 1601 2225 petitas
1639 2172 1677 2211 in
1715 2184 1817 2211 suum
1857 2184 1958 2212 usum
1994 2172 2183 2218 conver-tit

246 2249 376 2278 omues
404 2247 467 2275 eas
494 2246 606 2274 voces
633 2240 672 2272 et
701 2233 874 2286 loquendi
905 2232 1085 2272 formulas
1111 2233 1332 2285 colligerem
1362 2246 1455 2286 quae
1481 2239 1518 2272 et
1543 2234 1673 2273 Plinio
1692 2235 1763 2273 soli
1783 2235 1959 2289 propriae
1978 2240 2015 2273 et
2042 2235 2076 2273 ei
2104 2246 2184 2274 cum

246 2294 464 2355 argenteae
484 2298 619 2337 nemis
643 2298 893 2352 scriptoribus
931 2308 1140 2335 coni-unes
1179 2305 1276 2336 sunt.
1329 2295 1442 2341 :Quod
1480 2297 1536 2335 sic
1571 2297 1831 2337 instituendam
1871 2298 1994 2350 putavi
2029 2303 2071 2336 ut
2093 2299 2182 2337 mb-

244 2363 407 2404 sta-tiva
443 2360 650 2408 adiectiva,
689 2360 819 2411 quibus
857 2359 1053 2411 participia
1094 2359 1131 2397 in
1179 2358 1446 2398 adiectivorum
1481 2359 1626 2398 modum
1661 2367 1839 2411 usurpata
1879 2358 2029 2408 addidi,
2069 2361 2184 2399 verbe

240 2423 423 2468 adverbia
470 2420 769 2478 praepositiones
816 2420 1096 2462 coniunctiones
1143 2431 1421 2472 enumerarem,
1471 2433 1541 2475 qua
1586 2420 1623 2461 in
1675 2433 1716 2467 re
1752 2433 1815 2461 eas
1866 2433 1980 2462 voees
2022 2419 2185 2464 ionum

244 2499 411 2539 neuque,
447 2497 599 2541 quarum
639 2485 789 2536 Plinius
824 2478 953 2522 auctor
980 2483 1123 2520 videtur
1152 2495 1263 2532 esse,
1295 2484 1502 2532 asterisco,
1531 2496 1597 2521 eas
1625 2489 1744 2521 autem
1774 2496 1871 2535 quae
1896 2485 2063 2533 quamvis
2092 2491 2184 2529 ant}

247 2551 407 2590 Plinium
426 2549 464 2588 in
483 2563 552 2589 usu
579 2554 704 2589 esseut
730 2556 850 2588 tanen
878 2549 923 2587 ab
951 2561 999 2587 eo
1026 2546 1107 2587 solo
1147 2546 1371 2601 amplificata
1397 2561 1564 2600 novaque
1593 2547 1629 2595 vi
1653 2554 1692 2586 et
1720 2546 2002 2601 significatione
2030 2554 2185 2589 ornatae

244 2617 348 2663 suut,
374 2611 445 2652 hoc
471 2612 583 2667 siguo
611 2613 638 2663 †
656 2611 803 2652 inotavi.
860 2609 1041 2664 Reliquae
1070 2609 1203 2650 deinde
1231 2622 1344 2651 voces
1372 2622 1396 2649 a
1423 2622 1479 2649 me
1507 2616 1816 2650 commemoratae
1846 2610 1971 2651 Plinio
2002 2624 2081 2651 cum
2112 2625 2184 2652 uno

255 2676 472 2729 pluribusve
495 2676 740 2729 scriptoribus
775 2675 835 2713 vel
859 2674 1062 2713 ‘ciusdem‘
1079 2674 1138 2712 vel
1166 2674 1387 2728 posterioris
1424 2674 1558 2712 aetatis
1595 2685 1806 2713 communes
1841 2681 1952 2725 sunt,
1992 2674 2085 2727 quod
2114 2689 2184 2728 quo

246 2738 389 2779 ela-ins
411 2738 693 2792 perspiceretur
721 2737 835 2777 locos.
853 2737 1081 2790 quibasj‘eae
1106 2735 1465 2789 extantdiligenter
1490 2749 1513 2775 a
1533 2749 1597 2775 ‘me
1615 2736 1868 2791 investigatos
1892 2738 2059 2791 apposui.
2110 2737 2187 2778 Πᾶς

243 2799 394 2839 adiunxi
425 2813 548 2839 earum
579 2814 706 2839 vocum
734 2800 984 2855 appendicem,
1014 2811 1109 2855 quas·
1128 2798 1274 2838 Plinius
1301 2812 1322 2837 e
1349 2798 1500 2838 Graece
1529 2811 1704 2849 sermone
1741 2800 1873 2854 petitas
1900 2800 2076 2854 operibus
2106 2802 2185 2842 suis

248 2862 446 2916 inspersit,
487 2864 567 2902 sive
606 2876 670 2902 eas
706 2863 858 2915 integra
895 2862 1016 2902 forma
1053 2863 1241 2917 usurpavit
1276 2863 1355 2901 sive
1391 2876 1454 2901 eas
1484 2862 1635 2902 inflexit
1674 2876 1870 2915 earumque
1900 2863 2183 2904 terminationes

242 2925 393 2966 Latinis
429 2925 571 2965 similes
613 2925 785 2966 reddidit.
844 2925 893 2967 Ut
930 2932 1048 2965 autem
1090 2926 1211 2966 omnia
1255 2937 1326 2964 uno
1365 2924 1518 2978 quodam
1559 2926 1594 2965 in
1636 2932 1831 2981 conspectu
1870 2925 1997 2965 videre
2037 2927 2178 2977 liceret,

240 2987 401 3042 singulis
430 2988 613 3028 orationis
642 2989 809 3045 partibus
837 2990 1020 3044 separatis
1048 2989 1239 3029 verborum
1267 2987 1424 3027 indicem
1463 2988 1670 3028 litterarum
1711 2988 1842 3028 ordine
1873 2988 2053 3043 digestum
2084 3003 2181 3029 com·

1936 3052 1952 3085 1
