2745 3541
1359 272 1381 317 7

474 382 668 421 divisio
696 382 911 421 distributio
942 380 1012 430 Vl,
1040 382 1107 430 33,
1135 383 1170 421 8.
1200 380 1297 420 Tac.
1326 381 1427 420 Ann.
1454 379 1488 431 Ι,
1518 381 1579 422 10.
1609 379 1737 419 lustin.
1767 379 1840 431 xl,
1871 380 1931 419 13.

474 455 703 493 dominus
744 454 789 492 de
827 454 1113 507 imperatoribus
1150 456 1202 492 ad
1245 453 1279 493 T
1301 456 1348 503 2,
1379 458 1398 493 1
1431 461 1470 492 et
1498 453 1717 506 saepissime
1746 466 1805 506 ap.
1834 453 1957 501 Plin.;
1997 451 2100 492 Suet.
2144 452 2253 495 Dom.
2283 456 2343 496 13.

394 506 561 546 Martial.
590 504 640 557 V,
669 508 706 547 8.
734 506 786 557 Χ,
817 507 878 547 72.
907 505 1070 545 Phaedr.
1099 505 1152 556 ll,
1179 507 1219 555 5,
1249 509 1310 547 14.

476 580 764 619 donativum
803 593 825 617 a
863 579 1073 630 congiario,
1098 579 1151 617 ita
1189 578 1270 618 fere
1308 577 1436 620 differt
1463 585 1503 619 ut
1530 578 1700 620 alterum⁴
1723 578 1903 619 militibus
1941 577 2099 620 alterum
2127 579 2267 634 populo
2295 582 2341 622 ab

395 638 622 691 imperatore
660 632 804 672 soleret
845 632 958 671 tribui
994 630 1036 671 P.
1074 634 1135 672 25.
1159 633 1229 693 ,41.
1266 630 1369 670 Suet.
1412 631 1492 673 Cal.
1533 635 1596 673 46-
1633 632 1722 671 Ner.
1761 634 1796 672 7.
1839 631 1947 670 Galb.
1979 635 2028 673 16
2056 646 2111 686 sq.
2152 634 2262 675 Dom.
2306 638 2344 676 2.

395 690 490 730 Tac.
520 691 619 728 Ann.
648 686 742 736 xn,
772 688 834 728 69.
887 683 999 735 XIV,
1030 688 1091 726 11.
1118 684 1219 725 Hm.
1248 684 1283 735 l,
1313 687 1373 726 18.
1401 687 1449 727 37
1481 692 1517 725 et
1544 697 1667 738 saepe.
2234 737 2236 739 Υ

471 763 658 813 †dorsu
674 775 706 800 m
736 762 953 812 superficies
973 761 1136 811 aedificii
1163 757 1235 809 VI,
1256 760 1323 809 31,
1354 761 1422 808 173
1447 761 1762 810 promontorium
1782 762 1821 798 in
1839 761 1967 798 lacum
1987 760 2132 799 elatum
2159 761 2229 811 IX,
2251 764 2287 814 7,
2308 767 2345 805 4.

475 825 841 865 *duumviratus
870 822 938 868 IV,
968 825 1035 873 22,
1068 825 1101 862 1.
1130 822 1221 874 Dig.

394 943 449 985 lv
473 886 710 986 eiigitbomt‘lp
737 887 872 979 ‹evnuslsp
902 885 1192 980 ΙΞΙΕΟΧΙῘΙᾎΙ-ἓ.
1219 886 1270 978 ἓξ.)
1289 888 1324 926 4.
1355 884 1408 935 11,
1440 887 1502 936 10,
1532 887 1567 925 6.
1598 883 1671 933 ΠΙ,
1705 885 1767 934 15,
1797 888 1831 925 1.
1861 884 1934 935 IX,
1963 890 2000 935 1,
2029 887 2065 927 3.
2089 885 2180 927 Sen.
2202 887 2337 930 Benef.

452 975 658 1054 ’editum
686 1012 737 1062 V,
766 970 804 1061 6,
834 970 896 1052 29.
929 1010 973 1050 P.
1003 1014 1050 1051 61
1083 968 1209 1069 {Suet
1240 1012 1338 1063 Aug.
1369 1010 1436 1060 72)
1470 1010 1529 1049 ”in
1561 1009 1702 1059 edit0”‚
1736 1008 1786 1059 V,
1814 1011 1852 1059 6,
1882 1011 1932 1051 24
1964 1010 2033 1050 ”ex
2062 1011 2201 1053 edito''.

473 1087 712 1140 †egestio
741 1086 876 1137 effusio
905 1083 1013 1133 Vlll,
1043 1086 1082 1133 6,
1112 1087 1133 1124 7
1167 1084 1418 1138 ”publicarum
1448 1097 1555 1136 opum
1585 1084 1641 1122 e.''
1699 1083 1807 1137 Apud
1846 1083 1950 1122 Suet.
1988 1086 2076 1125 Ner.
2106 1089 2169 1127 38.
2200 1088 2335 1128 Claud.

394 1146 456 1183 44.
490 1140 624 1195 veget.
657 1131 706 1189 V,
737 1142 785 1179 14
813 1138 857 1177 de
885 1138 996 1176 rebus
1025 1136 1326 1190 transportandis
1357 1142 1568 1190 usurpatum
1600 1136 1635 1175 h.
1665 1150 1699 1174 v.
1730 1144 1800 1175 est.

473 1214 666 1253 *electa
695 1211 740 1250 de
769 1211 863 1249 locis
892 1212 1110 1264 scriptorum
1141 1211 1200 1263 qui
1229 1223 1304 1248 non
1335 1211 1536 1249 oscitanter
1565 1209 1720 1262 legendi
1751 1219 1835 1248 sunt
1856 1210 2096 1264 (Excerpte),
2126 1213 2197 1263 lll,
2218 1216 2257 1265 5,
2279 1217 2340 1256 17,

475 1287 712 1327 emacitas
740 1284 810 1334 ΙΙΙ,
842 1287 879 1334 7,
910 1286 945 1325 7.
975 1283 1118 1325 Colum.
1147 1283 1218 1335 IV,
1247 1285 1285 1325 3.

474 1361 846 1413 †emancipatio
873 1361 1090 1410 fundorum
1120 1361 1300 1399 alienatio
1323 1372 1411 1398 cum
1439 1361 1691 1398 translatione
1720 1360 1863 1397 domim
1882 1362 1923 1399 in
1951 1362 2118 1400 aiterum
2139 1366 2342 1403 coniuncta

394 1418 445 1457 ad
479 1416 512 1456 T
537 1416 573 1464 3,
605 1415 641 1454 3.
672 1415 746 1466 Ap.
777 1412 902 1458 Quint.
933 1411 1004 1462 Xl,
1037 1417 1072 1461 1,
1102 1413 1163 1452 65.
1220 1411 1313 1451 Gell.
1346 1411 1375 1460 Ι,
1405 1414 1455 1452 12
1485 1412 1518 1450 h.
1548 1426 1581 1450 v.
1612 1425 1691 1450 eum
1723 1421 1838 1450 actum
1868 1412 2070 1465 significat,
2109 1428 2180 1466 quo
2210 1418 2291 1469 quis
2317 1430 2338 1455 a

394 1477 577 1522 potestate
603 1467 725 1521 patria
754 1465 946 1503 liberatur.

475 1555 495 1579 e
540 1539 731 1580 istolae
769 1539 930 1589 epistola
970 1539 1022 1577 ad
1053 1537 1086 1577 T
1120 1540 1159 1586 5,
1190 1541 1224 1577 1.
1257 1539 1318 1587 15,
1357 1540 1393 1578 2.
1425 1540 1486 1588 17,
1518 1542 1553 1577 1.
1585 1537 1679 1576 Tac.
1711 1539 1810 1576 Anu.
1841 1538 1870 1586 Ι,
1901 1540 1961 1579 30.
1994 1539 2043 1588 ΙΙ,
2077 1541 2137 1581 70.
2167 1544 2228 1583 78.
2259 1544 2333 1593 ΠΙ,

393 1597 455 1635 59.
518 1595 576 1633 ist.
607 1592 676 1641 nl,
706 1593 768 1633 63.
824 1592 957 1630 lustin.
987 1591 1018 1640 Ι,
1047 1594 1083 1631 6.
1123 1590 1197 1639 ΧΙ,
1231 1594 1289 1631 12.
1319 1590 1448 1639 XVll,
1480 1594 1516 1632 2.
1554 1590 1647 1640 XX,
1676 1593 1712 1631 5.
1769 1592 2056 1641 Imperatorum
2087 1597 2274 1646 rescripta
2301 1610 2334 1636 v.

393 1649 502 1687 iussa
528 1659 599 1696 per
625 1646 802 1695 epistolas
832 1646 955 1683 edicta
985 1644 1055 1682 hoc
1084 1645 1199 1682 verbo
1230 1644 1489 1696 significantur
1517 1646 1567 1683 ad
1598 1643 1632 1682 T
1656 1646 1717 1683 66.
1749 1646 1807 1682 71.
1838 1644 1973 1684 Front.
2005 1647 2167 1697 Aquaed.
2201 1650 2288 1689 105.

473 1734 493 1759 e
504 1733 532 1759 x
548 1733 567 1758 c
578 1733 625 1758 es
637 1732 655 1758 s
666 1731 686 1756 u
701 1731 718 1756 s
747 1719 937 1770 deqressio
967 1717 1026 1768 (ut
1055 1714 1135 1755 Cic.
1167 1716 1213 1756 de
1242 1716 1346 1757 Orat.
1378 1716 1446 1766 ΙΙΙ,
1474 1719 1525 1758 53
1540 1716 1664 1767 'dicit)
1693 1729 1725 1755 v.
1754 1720 1918 1767 eqressio
1933 1749 1943 1766 ,
1974 1718 2234 1769 παρέκβασις
2261 1724 2332 1767 ΙΧ,

393 1776 457 1823 26,
470 1777 505 1813 9.
529 1773 625 1811 Tac.
641 1771 741 1808 Dial.
756 1774 817 1810 22.
839 1770 937 1807 Plin.
958 1770 1069 1807 maid
1088 1770 1170 1818 Pr.,
1193 1770 1318 1813 Quint.
1332 1770 1403 1818 ΙΙΙ,
1417 1774 1457 1819 9,
1468 1774 1503 1809 4.
1527 1769 1589 1808 Cf.
1602 1769 1702 1808 Ptin.
1715 1769 1810 1823 Epp.
1823 1769 1873 1818 V,
1886 1775 1923 1819 6,
1935 1775 1985 1811 44
2006 1773 2043 1810 in
2057 1774 2161 1823 quod
2184 1779 2340 1817 excessi.

472 1844 745 1896 †excursio
775 1843 975 1895 (Ausflug)
1005 1842 1037 1892 1,
1065 1845 1104 1892 3,
1132 1845 1157 1883 2
1190 1843 1492 1882 ”excursionibus
1522 1842 1664 1882 crebris
1693 1843 1879 1883 avocari*

475 1932 721 1958 excursus
750 1919 939 1967 deqresSio
970 1916 1016 1965 V,
1047 1919 1084 1965 6,
1113 1918 1176 1955 43.
1208 1916 1332 1960 Quint.
1365 1915 1433 1966 lV,
1463 1918 1500 1967 3,
1533 1919 1591 1956 12.
1621 1916 1671 1965 X,
1701 1919 1741 1967 5,
1773 1919 1833 1957 12.

471 1992 775 2033 exhortatio
802 1991 893 2042 (quo
923 1993 1035 2029 verbo
1063 1991 1240 2028 Plancius
1268 2004 1290 2028 a
1318 2019 1326 2028 .
1357 1990 1439 2029 Cic.
1467 1990 1573 2028 Fam.
1602 1991 1655 2035 X,
1686 1993 1724 2039 7,
1755 1994 1773 2029 1
1808 2004 1894 2029 usus
1924 1993 1999 2043 est)
2055 2007 2097 2032 ro
2128 1999 2341 2041 cohortatio

393 2047 427 2098 I,
459 2049 522 2096 14,
554 2048 587 2086 1.
617 2043 688 2095 ΙΙΙ,
718 2045 755 2094 7,
789 2045 847 2084 16.
878 2042 970 2083 Tac.
1002 2042 1098 2082 nist.
1128 2041 1158 2093 1,
1188 2043 1249 2084 36.
1316 2042 1427 2104 olum.
1456 2041 1530 2092 Xl,
1561 2046 1595 2084 1.
1626 2042 1752 2088 Quint.
1783 2043 1814 2093 1,
1852 2046 1891 2093 2,
1921 2047 1982 2086 25.
2051 2078 2060 2096 ,
2102 2051 2163 2098 11,
2196 2054 2256 2092 10.
2285 2054 2337 2104 X,

395 2105 434 2150 1,
461 2102 525 2140 47.
553 2098 626 2147 XI,
656 2099 696 2146 3,
726 2098 813 2137 153.
840 2095 936 2145 Xll,
967 2099 1005 2145 2,
1035 2098 1071 2135 6.
1104 2099 1165 2145 11,
1194 2098 1259 2136 25.
1297 2096 1427 2135 lustin.
1455 2095 1691 2146 XXXVlll,
1719 2097 1758 2136 3.

475 2165 728 2212 †exortus
756 2158 885 2198 transl.
915 2158 960 2196 de
989 2159 1096 2198 initio
1124 2159 1269 2212 imperii
1298 2160 1339 2200 P.
1369 2161 1405 2199 8.

475 2224 738 2265 exsecutio
776 2222 820 2262 de
849 2222 1033 2263 orationis
1063 2223 1286 2263 tractatione
1315 2222 1410 2263 Vll!
1428 2255 1439 2272 ,
1471 2227 1546 2283 14,
1572 2226 1607 2264 6.
1638 2222 1725 2283 Seu.
1758 2224 1787 2263 E
1816 2255 1824 2263 .
1853 2226 1916 2281 52.
1956 2224 2137 2266 Controv.
2165 2229 2224 2268 111
2257 2232 2341 2283 Pr.,

398 2279 524 2323 Quint.
566 2277 614 2325 V,
658 2278 718 2324 13,
748 2278 810 2316 27.
858 2275 942 2313 Hoc
979 2276 1126 2314 verbum
1166 2285 1360 2329 praeterea
1398 2289 1455 2330 ap.
1488 2276 1588 2314 Plin.
1626 2288 1709 2315 mai.
1738 2276 1774 2315 X
1818 2275 1908 2326 XV,
1946 2279 1982 2327 8,
2012 2280 2072 2319 34.
2117 2279 2210 2320 Tac.
2240 2286 2340 2325 Ann.

395 2330 541 2380 111,31.
560 2329 655 2379 XV,
677 2331 728 2370 25
747 2335 783 2368 et
804 2326 849 2366 de
870 2328 1025 2380 negotio
1045 2328 1100 2367 vel
1122 2341 1233 2382 opere
1251 2337 1400 2380 peracto
1415 2337 1452 2367 et
1471 2328 1517 2367 de
1537 2329 1860 2368 administratione
1879 2332 2094 2382 provinciae
2117 2332 2249 2373 dictum
2270 2347 2340 2377 est.

474 2402 696 2442 facultas
735 2414 802 2455 pro
839 2401 1010 2451 facultas
1038 2402 1188 2441 dicendi
1216 2400 1257 2451 1,
1286 2402 1360 2450 20,
1390 2404 1425 2442 8.
1454 2400 1513 2450 11,
1542 2404 1589 2449 3,
1622 2405 1655 2440 1.
1694 2400 1794 2440 suet.
1824 2403 1920 2453 Aug.
1960 2404 2020 2442 84.
2051 2402 2157 2443 Galb.
2187 2408 2223 2447 3.
2253 2410 2335 2450 Ael,

397 2454 524 2508 Spart.
554 2455 710 2493 Adrian.
740 2454 803 2494 20.
1318 2453 1322 2458 ’

477 2529 551 2567 fas
578 2531 640 2568 ius
670 2526 741 2577 lx,
771 2528 834 2574 13,
864 2528 900 2566 3.
930 2525 1021 2564 Tac.
1051 2529 1149 2564 Ann.
1178 2526 1210 2575 1,
1240 2528 1301 2566 19.
1330 2529 1392 2566 42.
1421 2526 1473 2575 11,
1502 2527 1562 2566 10.
1591 2526 1689 2564 Hist.
1721 2526 1790 2575 lv,
1819 2528 1881 2567 58.

475 2600 716 2640 felicitas
745 2600 814 2650 ΙΙΙ,
843 2601 909 2650 19,
936 2603 961 2640 6
992 2598 1041 2639 ''s.
1072 2599 1222 2639 terrae'’
1252 2615 1303 2633 =
1330 2598 1555 2649 fecunditas,
1584 2599 1685 2638 Plin.
1715 2601 1799 2639 mai.
1826 2599 1974 2652 xvm,
2006 2605 2068 2654 18,
2094 2606 2156 2645 47.

476 2674 613 2714 finis.
668 2674 746 2724 †ln
776 2674 884 2713 fine
913 2686 981 2729 pro
1010 2675 1061 2713 ad
1088 2680 1304 2713 extremum
1332 2673 1383 2723 11,
1413 2677 1476 2723 11,
1509 2675 1568 2715 19.
1599 2672 1650 2723 V,
1682 2676 1745 2724 14,
1767 2676 1801 2714 7.
1832 2673 1905 2725 ΙΧ,
1927 2678 1992 2728 13,
2021 2680 2084 2720 23.
2112 2681 2178 2731 28,
2199 2685 2224 2722 4
2248 2683 2296 2723 ''i.
2316 2685 2346 2727 f.

397 2726 599 2781 epistolae''
631 2744 682 2761 =
709 2728 746 2766 in
776 2736 944 2767 extrema
971 2726 1145 2781 epistola,
1172 2728 1214 2768 P.
1242 2727 1305 2768 57.
1335 2728 1397 2768 72.
1425 2728 1486 2768 94.

474 2790 722 2829 firmator
749 2793 801 2831 ad
834 2791 868 2831 T
891 2792 954 2831 38.
983 2790 1079 2830 Tac.
1108 2791 1207 2829 Ann.
1235 2789 1289 2841 ll,
1314 2792 1379 2831 46.

474 2853 639 2892 fiscus
673 2856 842 2903 pecunia
877 2861 911 2895 et
936 2856 1217 2905 patrimonium
1252 2856 1497 2904 imperatoris
1525 2854 1565 2893 P.
1596 2855 1659 2894 36.
1698 2858 1762 2894 41.
1791 2857 1854 2895 42.
1885 2855 1988 2896 Suet.
2026 2858 2129 2911 Aug.
2157 2861 2220 2901 40.
2253 2864 2338 2905 101.

396 2904 526 2946 Claud.
554 2907 618 2946 28.
647 2904 737 2945 Ner.
767 2908 830 2948 32.
858 2906 967 2947 Dom.
998 2909 1058 2948 12.
1087 2906 1313 2947 Tam-Anu.
1343 2907 1375 2957 1,
1405 2908 1468 2947 37.
1498 2905 1591 2945 Seu.
1622 2905 1753 2947 Benef.
1782 2906 1874 2958 Vll,
1903 2912 1939 2950 6.
1980 2910 2108 2950 laven.
2137 2915 2178 2962 4,
2204 2916 2269 2955 54.

471 2978 665 3028 †forma
700 2980 999 3031 iciunum-aphia,
1047 2982 1244 3021 delineatio
1262 2979 1335 3031 IX,
1363 2981 1429 3032 39,
1457 2981 1482 3021 5
1511 2979 1690 3020 ”formam
1711 2980 1900 3021 scribere”
1930 3000 1983 3017 =
2010 2982 2131 3026 ideam
2153 2984 2341 3029 delineare

395 3030 550 3084 (Gesn.)
580 3029 674 3070 Inde
702 3031 924 3082 deformare
952 3033 975 3071 i.
1006 3048 1039 3085 q.
1069 3034 1259 3073 delineare
1286 3047 1345 3086 ap.
1373 3032 1471 3073 Vitr.
1500 3034 1535 3083 1,
1566 3039 1601 3073 1.
